@inproceedings{dbxml,
	title={Primeiros passos com Oracle Berkeley DB XML},
	url={http://www.oracle.com/technetwork/pt/articles/cloudcomp/primeiros-passos-berkeley-db-xml-517461-ptb.html},
		author={Rodrigo Almeida },
	year={2011}
}

@inproceedings{dbxml,
	title={GerandoDados XML do banco de dados},
	url={https://docs.oracle.com/cd/E11882_01/appdev.112/e23094/xdb13gen.htm#ADXDB4994},
	author={Rodrigo Almeida },
	year={2011}
}

@inproceedings{geracao,
	title={GerandoDados XML do banco de dados},
	url={https://docs.oracle.com/cd/E11882_01/appdev.112/e23094/xdb13gen.htm#ADXDB4994},
	author={Oracle},
	year={2014}
}



