@inproceedings{boicea2012mongodb,
	title={MongoDB vs Oracle--database comparison},
	author={Boicea, Alexandru and Radulescu, Florin and Agapin, Laura Ioana},
	booktitle={Emerging Intelligent Data and Web Technologies (EIDWT), 2012 Third International Conference on},
	pages={330--335},
	year={2012},
	organization={IEEE}
}



@inproceedings{mongodb,
	title={Bancos de Dados NoSQL: Conceitos, Ferramen-
	tas, Linguagens e Estudos de Casos no Contexto
	de Big Data},
	author={Marcos Rodrigues Vieira, Josiel Maimone de Figueiredo, Josiel Maimone de Figueiredo, Alvaro Fellipe Mendes Viebrantz},


	year={2012},
	organization={SBBD}
}



